@book{Alpha,
    author    = "",
    title     = "",
    year      = "",
    publisher = "",
    edicion = ""}

@book{Beta,
    author    = "",
    title     = "",
    year      = "",
    publisher = "",
    edicion = ""}